@string{aaecc = "Applicable Algebra in Engineering, Communication and
                 Computing"}
@string{fi = "Fundamenta Informaticae"}
@string{ic = "Information and Computation"}
@string{ipl = "Information Processing Letters"}
@string{jsc = "Journal of Symbolic Computation"}
@string{jcss = "Journal of Computer and System Sciences"}
@string{lnai = "Lecture Notes in Artificial Intelligence"}
@string{lncs = "Lecture Notes in Computer Science"}
@string{tcs = "Theoretical Computer Science"}

%  author= "Alfred V. Aho and Margaret J. Corasick",
@article{aho-corasick,
  author= "A.~V. Aho and M.~J. Corasick",
  title= "Efficient String Matching: An Aid to Bibliographic
                  Search",
  journal="Communications of the ACM",
  volume = 18,
  number = 6,
  pages="333-340",
  year= "1975"
}

@inproceedings{TBK01,
  author      = "T. Gen{\^e}t and V. Viet Triem Tong",
  title       = "Reachability Analysis of Term Rewriting Systems with Timbuk",
  booktitle   = "Proc.\ 8th LPAI",
  series      = lnai,
  volume      = 2250,
  publisher   = "Springer-Verlag",
  pages       = "691--702",
  year        = 2001
}

@misc{RX98,
  author      = "J. Waldmann",
  title       = "RX: an Interpreter for Rational Tree Languages",
  howpublished   = "\verb|http://www.informatik.uni-leipzig.de/~joe/rx/|",
  year        = 1998
}
@techreport{ hope,
    AUTHOR = "R. M. Burstall and D. B. MacQueen and D. T. Sannella",
    TITLE = "HOPE: An experimental applicative Language",
    INSTITUTION = "Computer Science Dept, Univ. of Edinburgh",
    NUMBER = "CSR-62-80",
    YEAR = 1981
    }

@techreport{djs-ris:emcode,
    AUTHOR = "David J. Sherman and Robert I. Strandh",
    TITLE = "Partial Evaluation of Intermediate Code from
            Equational Programs",
    INSTITUTION = "Greco de Programmation du CNRS",
    YEAR = 1990,
    NUMBER = "R.G.~06.90",
    NOTE = "Also Technical Report 90-029, University of Chicago
            Department of Computer Science"
    }

@inproceedings{djs-ris-id:peval,
    AUTHOR = "Sherman, David J. and Strandh, Robert I. and Durand, Ir\`ene",
    TITLE = "Optimization of Equational Programs Using Partial Evaluation",
    YEAR = 1991,
    BOOKTITLE = "Proceedings of the Symposium on Partial Evaluation
     and Semantics-Based Program Manipulation",
    PAGES = {72-82}
    }

@article{BHOS76,
        Author = {Beckman, L. and Haraldsson A. and Oskarsson \"O. and Sandewall E.},
        Title = {A Partial Evaluator, and its Use as a Programming Tool},
        Journal = {Artificial Intelligence},
        Volume = 7,
        Number = 4,
        Pages =  {319-357},
        Year = 1976
}

@phdthesis{Ha77,
        Author = {Haraldsson, A.},
        Title = {A Program Manipulation System Based on Partial Evaluation},
        School = {Department of Mathematics, Link\"oping University},
        Address = {Link\"oping},
        Year = 1977
}

@techreport{JSS85,
        Author = {Jones, N. D. and Sestoft, P. and S\'ondergaard, H.},
        Title = {An Experiment in Partial Evaluation: The Generation of a Compiler
                        Generator},
        Institution = {Institute of Datalogy, University of Copenhagen},
        Address = {Copenhagen},
        Year = 1985
}

%    AUTHOR = "Anders Bondorf",
@inproceedings{ bondorf:selfapplic,
    AUTHOR = "A. Bondorf",
    TITLE = "A Self-Applicable Partial Evaluator for Term-rewriting Systems",
    BOOKTITLE = "International Joint Conference on the Theory and
                Practice of Software Development (TAPSOFT)",
    VOLUME = 2,
    PUBLISHER = "Springer-Verlag",
    YEAR = 1989
    }

%    AUTHOR = "Philip Wadler",
@inproceedings{ wadler:treeless,
    AUTHOR = "P. Wadler",
    TITLE = "Deforestation: Transforming programs to eliminate trees",
    BOOKTITLE = "Second European Symposium on Programming",
    PUBLISHER = "Springer-Verlag",
    YEAR = 1988
    }

@book{BN98,
  author    = "F. Baader and T. Nipkow",
  title     = "Term Rewriting and All That",
  publisher = "Cambridge University Press",
  year      = 1998
}

@inproceedings{B77,
  author       = "G. Berry and J.J. L\'evy",
  title        = "Minimal and Optimal Computations of Recursive Programs",
  booktitle    = "Proc.\ 4 th ACM Symposium on Principles of Programming Languages",
  pages        = "215--226",
  year         = 1977
}

@inproceedings{B78,
  author       = "G. Berry",
  title        = "Stable Models of Typed Lambda-calculii",
  booktitle    = "Proc.\ 5 th ICALP",
  year         = 1978
}

@article{C00,
  author    = "H. Comon",
  title     = "Sequentiality, Monadic Second-Order Logic and Tree
               Automata",
  journal   = ic,
  volume    = 157,
  year      = 2000,
  pages     = "25--51"
}


@article{ id-bs:ipl-1993,
    AUTHOR = "I. Durand and B. Salinier",
    TITLE = " Constructor Equivalent Term Rewriting Systems",
    JOURNAL = "Information Processing Letters",
    VOLUME = 47,
    PAGES = "131-137",
    YEAR = "1993",
    NOTE = "Also Technical Report LaBRI 92--58"
    }

@article{id:bounded-jsc,
    TITLE = "Bounded, Strongly Sequential and Forward-branching
             Term Rewriting Systems",
    AUTHOR = "I. Durand",
    JOURNAL = "Journal of Symbolic Computation",
    VOLUME = "18",
    PAGES = "319--352",
    YEAR = 1994,
    }
%    NOTE = "Also Technical Report LaBRI 92--23 "

%%%%%%1994%%%%%%%
@article{id-bs:cetrsass-ipl,
    AUTHOR = "I. Durand and B. Salinier",
    TITLE = " Constructor Equivalent Term Rewriting Systems are
                  Strongly Sequential: a direct proof",
    JOURNAL = ipl,
    VOLUME = 52,
    YEAR = 1994,
    PAGES = "137--145",
    NOTE = "Also Technical Report LaBRI 93--20"
    }

@booklet{TATA,
  author    = "H. Comon and M. Dauchet and R. Gilleron and
               F. Jacquemard and D. Lugiez and S. Tison and
               M. Tommasi",
  title     = "Tree Automata Techniques and Applications",
  year	    = 2002,
  note	    = "Draft, available from
               \texttt{www.grappa.univ-lille3.fr/tata/}"
}

@article{CDGV94,
  author        = "J.L. Coquid\'e and M. Dauchet and R. Gilleron and
                   S. V\'agv{\"o}lgyi",
  title         = "Bottom-Up Tree Pushdown Automata: Classification and
                   Connection with Rewrite Systems",
  journal       = tcs,
  volume        = "127",
  year          = "1994",
  pages         = "69-98"
}

@phdthesis{J96PhD,
  author        = "F. Jacquemard",
  title         = "Automates d'Arbres et R\'e\'ecriture de Termes",
  school        = "Universit\'e Paris-Sud",
  year          = "1996"
}

@inproceedings{CG90,
  author    = "J.L. Coquid{\'e} and R. Gilleron",
  title     = "Proofs and Reachability Problem for Ground Rewrite
	       Systems",
  booktitle = "Proceedings of the 6th International Meeting of Young
	       Computer Scientists",
  series    = lncs,
  volume    = 464,
  year      = 1990,
  pages     = "120--129"
}

@article{DHLT90,
  author    = "M. Dauchet and T. Heuillard and P. Lescanne and
	       S. Tison",
  title     = "Decidability of the Confluence of Finite Ground Term
	       Rewriting Systems and of Other Related Term Rewriting
	       Systems",
  journal   = ic,
  volume    = 88,
  issue     = 2,
  year      = 1990,
  pages     = "187--201"
}

@inproceedings{DT85,
  author    = "M. Dauchet and S. Tison",
  title     = "Decidability of Confluence for Ground Term Rewriting
	       Systems",
  booktitle = "Proceedings of the 1st International Conference on
	       Fundamentals of Computation Theory",
  series    = lncs,
  volume    = 199,
  year      = 1985,
  pages     = "80--89"
}

@article{D82,
  author    = "N. Dershowitz",
  title     = "Orderings for Term-Rewriting Systems",
  journal   = tcs,
  year      = 1982,
  volume    = 17,
  pages     = "279--301"
}

@article{D70,
  author    = "J. Doner",
  title     = "Tree Acceptors and Some of Their Applications",
  journal   = jcss,
  volume    = 4,
  year      = 1970,
  pages     = "406--451"
}

@article{D94,
  author    = "I. Durand",
  title     = "Bounded, Strongly Sequential and Forward-Branching
               Term Rewriting Systems",
  journal   = jsc,
  volume    = 18,
  year      = 1994,
  pages     = "319--352"
}

@inproceedings{D02,
  author    = "I. Durand",
  title     = "Autowrite: A Tool for Checking Properties of Term
	       Rewriting Systems",
  booktitle = "Proceedings of the 13th International Conference on
	       Rewriting Techniques and Applications",
  series    = lncs,
  volume    = 2378,
  year      = 2002,
  pages     = "371--375"
}

@inproceedings{DM97,
  author    = "I. Durand and A. Middeldorp",
  title     = "Decidable Call by Need Computations in Term Rewriting
	       (Extended Abstract)",
  booktitle = "Proceedings of the 14th International Conference on
	       Automated Deduction",
  series    = lnai,
  volume    = 1249,
  year      = 1997,
  pages     = "4--18"
}

@techreport{DM98,
  author    = "I. Durand and A. Middeldorp",
  title     = "On the Complexity of Deciding Call-by-Need",
  institution = "LaBRI, Universit\'e de Bordeaux I",
  number    = "1194-98",
  year      = 1998
}

@inproceedings{DM01,
  author    = "I. Durand and A. Middeldorp",
  title     = "On the Modularity of Deciding Call-by-Need",
  booktitle = "Proceedings of the Internation Conference on Foundations
               of Software Science and Computation Structures",
  series    = lncs,
  volume    = 2030,
  pages     = "199--213",
  year      = 2001
}

@inproceedings{D04,
  author    = "I. Durand",
  title     = "Autowrite: A Tool for Term Rewrite Systems and Tree Automata",
  address     = "Aachen",
  booktitle   = "Workshop on Rewriting Strategies",
  series      = "Electronics Notes in Theorical Computer Science",
  month      = "June",
  year      = 2004,
  note   = "To appear in ENTCS"
}

@article{ id-am:ic-2005,
  author     = "I. Durand and Aart Middeldorp",
  title      = "Decidable Call-by-Need Computations in Term Rewriting",
  journal   = ic,
  volume    = 196,
  issue     = 2,
  pages     = "95-126",
  year      = 2005
}

@phdthesis{G96,
  author    = "B. Gramlich",
  title     = "Termination and Confluence Properties of Structured Rewrite Systems",
  school    = "Universit{\"a}t Kaiserslautern",
  year      = 1996
}

@techreport{HL79,
    AUTHOR = "G. Huet and J.-J. L\'{e}vy",
    TITLE = "Computations in Non-ambiguous Linear Term Rewriting Systems",
    INSTITUTION = "INRIA",
    NUMBER = "359",
    YEAR = 1979
    }

@incollection{HL91,
  author    = "G. Huet and J.-J. L\'evy",
  title     = "Computations in Orthogonal Rewriting Systems, {I}
               and {II}",
  booktitle = "Computational Logic, Essays in Honor of Alan Robinson",
  publisher = "The MIT Press",
  year      = "1991",
  pages     = "396--443"
}

@inproceedings{J96,
  author    = "F. Jacquemard",
  title     = "Decidable Approximations of Term Rewriting Systems",
  booktitle = "Proceedings of the 7th International Conference on
	       Rewriting Techniques and Applications",
  series    = lncs,
  volume    = 1103,
  year      = 1996,
  pages     = "362--376"
}

@inproceedings{JS95,
  author    = "J.-P. Jouannaud and W. Sadfi",
  title     = "Strong Sequentiality of Left-Linear Overlapping
               Rewrite Systems",
  booktitle = "Proceedings of the 4th International Workshop on
	       Conditional Term Rewriting Systems",
  series    = lncs,
  volume    = 968,
  year      = 1995,
  pages     = "235-246"
}

@techreport{KP78,
  author    = "G. Kahn and G. Plotkin",
  title     = "Domaines concrets",
  institution = "IRIA",
  number     = "336",
  year      = 1978
}

@incollection{K92,
  author    = "J.W. Klop",
  title     = "Term Rewriting Systems",
  booktitle = "Handbook of Logic in Computer Science, Vol.\ 2",
  publisher = "Oxford University Press",
  year      = 1992,
  pages     = "1--116"
}

@inproceedings{K95,
  author    = "R. Kennaway",
  title     = "A Conflict Between Call-by-Need Computation and
	       Parallelism",
  booktitle = "Proceedings of the 4th International Workshop on
	       Conditional Term Rewriting Systems",
  series    = lncs,
  volume    = 968,
  pages     = "247--261",
  year      = 1995
}

@article{KKSdV96,
  author    = "R. Kennaway and J.W. Klop and R. Sleep and
               F.-J. de Vries",
  title     = "Comparing Curried and Uncurried Rewriting",
  journal   = jsc,
  volume    = 21,
  number    = 1,
  year      = "1996",
  pages     = "15--39"
}

@article{KM91,
  author    = "J.W. Klop and A. Middeldorp",
  title     = "Sequentiality in Orthogonal Term Rewriting Systems",
  journal   = jsc,
  volume    = 12,
  year      = 1991,
  pages     = "161--195"
}

@phdthesis{M90,
  author    = "A. Middeldorp",
  title     = "Modular Properties of Term Rewriting Systems",
  school    = "Vrije Universiteit, Amsterdam",
  year      = 1990
}

@inproceedings{M97,
  author    = "A. Middeldorp",
  title     = "Call by Need Computations to Root-Stable Form",
  booktitle = "Proceedings of the 24th Annual Symposium on Principles
	       of Programming Languages",
  publisher = "ACM Press",
  pages     = "94--105",
  year      = 1997
}

@inproceedings{M01,
  author    = "A. Middeldorp",
  title     = "Approximating Dependency Graphs using Tree Automata
               Techniques",
  booktitle = "Proceedings of the International Joint Conference on
	       Automated Deduction",
  series    = lnai,
  volume    = 2083,
  pages     = "593--610",
  year      = 2001
}

@inproceedings{NST95,
  author    = "T. Nagaya and M. Sakai and Y. Toyama",
  title     = "{NVNF}-Sequentiality of Left-Linear Term Rewriting
	       Systems",
  booktitle = "Proceedings of the Workshop on Theory of Rewriting
	       Systems and its Applications",
  series    = "{RIMS} Technical Report 918, University of Kyoto",
  year      = 1995,
  pages     = "109--117"
}

@article{NT02,
  author    = "T. Nagaya and Y. Toyama",
  title     = "Decidability for Left-Linear Growing Term Rewriting
               Systems",
  journal   = ic,
  volume    = 178,
  number    = 2,
  pages     = "499--514",
  year      = 2002
}

@book{O77,
  author    = "M.J. O'Donnell",
  title     = "Computing in Systems Described by Equations",
  series    = lncs,
  publisher = "Springer-Verlag",
  volume    = 58,
  year      = 1977
}

@phdthesis{O94,
  author    = "E. Ohlebusch",
  title     = "Modular Properties of Composable Term Rewriting Systems",
  school    = "Universit{\"a}t Bielefeld",
  year      = 1994
}

@book{O02,
  author    = "E. Ohlebusch",
  title     = "Advanced Topics in Term Rewriting",
  publisher = "Springer-Verlag",
  year      = 2002
}

@article{O93,
  author    = "M. Oyamaguchi",
  title     = "{NV}-Sequentiality: A Decidable Condition for
               Call-by-Need Computations in Term Rewriting Systems",
  journal   = "SIAM Journal on Computation",
  volume    = 22,
  year      = 1993,
  pages     = "114--135"
}

@article{Rosen73,
  author    = "B.~K. Rosen",
  title     = "Tree-manipulating systems and Church-Rosser theorems",
  journal   = "Journal of the ACM",
  volume    = 20,
  issue     = 1,
  pages     = "160--187",
  year      = 1973
}

@phdthesis{ris:dissertation,
    author = "R.~I. Strandh",
    title = "Compiling Equational Programs into Efficient Machine Code",
    school = "Johns Hopkins University",
    address = "Baltimore, Maryland",
    year = 1988
    }

@phdthesis{rebelsky:dissertation,
    author = "S.~A. Rebelsky",
    title = "Lazy Term-based Communication: Issues, Observations, and Applications",
    school = "University of Chicago",
    address = "Chicago, Illinois",
    year = 1993
    }

@phdthesis{bs:dissertation,
    author = "B. Salinier",
    title = "Simulation de syst\`emes de r\'e\'ecriture de termes par des syst\`emes constructeurs",
    school = "Universit\'e Bordeaux I",
    year = 1995
    }

@inproceedings{bs-ris:caap-simulation,
  author = "B. Salinier and R. Strandh",
  title = "Simulating Forward-Branching Systems with Constructor Systems",
  booktitle ="Proceedings of the Colloquium on Trees in Algebra and Programming (CAAP) of the
              7th International Joint Conference on Theory and Practice of Software Development (TAPSOFT)",
  series = lncs,
  pages = "153--164",
  volume = 1214,
  month = "april",
  year = 1997,
}

@article{bs-ris:jsc-simulation,
  author =       "B. Salinier and R. Strandh",
  title =        "Efficient Simulation of Forward-Branching Systems",
  journal =      "Journal of Symbolic Computation",
  year =         1996
}

@inproceedings{TKS00,
  author    = "T. Takai and Y. Kaji and H. Seki",
  title     = "Right-Linear Finite Path Overlapping Term Rewriting
               Systems Effectively Preserve Recognizability",
  booktitle = "Proceedings of the 11th International Conference on
	       Rewriting Techniques and Applications",
  series    = lncs,
  volume    = 1833,
  year      = 2000,
  pages     = "246--260"
}

@inproceedings{STFK02,
  author    = "H. Seki and T. Takai and Y. Fujinaka and Y. Kaji",
  title     = "Layered Transducing Term Rewriting System and Its
               Recognizability Preserving Property",
  booktitle = "Proceedings of the 13th International Conference on
	       Rewriting Techniques and Applications",
  series    = lncs,
  volume    = 2378,
  year      = 2002,
  pages     = "98--113"
}

@inproceedings{ris:fwdbranch,
  author    = "R. Strandh",
  title     = "Classes of Equational Programs that Compile into
               Efficient Machine Code",
  booktitle = "Proceedings of the 3rd International Conference on
               Rewriting Techniques and Applications",
  series    = lncs,
  volume    = 355,
  year      = 1989,
  pages     = "449--461"
}

@article{thatte85,
  author    = "S. Thatte",
  title     = "On the correspondence between two classes of reduction systems",
  journal   = "Information Processing Letters",
  volume    = 20,
  year      = 1985,
  pages     = "83--85"
}


@article{thatte:leftsequential,
  author = "S. Thatte",
  title = "A refinement of Strong Sequentiality for Term Rewriting with Constructor",
  journal = "ic",
  volume = 72,
  year = "1987",
  pages = "46--65"
}

@article{TW68,
  author    = "J.W. Thatcher and J.B. Wright",
  title     = "Generalized Finite Automata Theory with an Application
	       to a Decision Problem of Second-Order Logic",
  journal   = "Mathematical Systems Theory",
  volume    = 2,
  issue     = 1,
  year      = 1968,
  pages     = "57--81"
}

@incollection{Th90,
  author    = "W. Thomas",
  title     = "Automata on Infinite Objects",
  booktitle = "Handbook of Theoretical Computer Science, Vol.\ B",
  publisher = "North-Holland",
  year      = 1990,
  pages     = "133--191"
}

@inproceedings{ toyama,
    AUTHOR = "Yoshihito Toyama and Sjaak Smetsers and Marko van Eekelen and
                  Rinus Plasmeijer",
    TITLE = "The Functional Strategy and Transitive Term Rewriting Systems",
    BOOKTITLE = "Term Graph Rewriting: Theory and Practice",
    EDITOR = "M.R. Sleep, M.J. Plasmeijer and M.C.J.D. van Eekelen",
    PUBLISHER = "Wiley Professional Computing",
    PAGES = "61-75",
    YEAR = 1993
    }

@inproceedings{T92,
  author    = "Y. Toyama",
  title     = "Strong Sequentiality of Left-Linear Overlapping Term
               Rewriting Systems",
  booktitle = "Proceedings of the 7th Annual Symposium on Logic in
	       Computer Science",
  year      = 1992,
  pages     = "274-284"
}

@incollection{TSEP93,
  author    = "Y. Toyama and S. Smetsers and M. van Eekelen and
               R. Plasmeijer",
  title     = "The Functional Strategy and Transitive Term
               Rewriting Systems",
  booktitle = "Term Graph Rewriting: Theory and Practice",
  publisher = "Wiley",
  year      = 1993,
  pages     = "61--75",
}

@phdthesis{ id:dissertation,
    AUTHOR = "Durand, Ir\`ene",
    TITLE =  "Un mod\`ele d'interpr\'etation r\'eparti pour une architecture multiprocesseur Prolog",
    SCHOOL = "Universit\'e Paul Sabatier",
    ADDRESS = "Toulouse, France",
    MONTH = "October",
    YEAR = 1986,
    NOTE = "Doctorat d'Universit\'e (in French)"
    }

@inproceedings{ id:prism,
    AUTHOR = "Giuliano, Mark E. and Kohli, Madhur and Minker, Jack and Durand, Ir\`ene",
    TITLE =  "PRISM: A testbed for parallel control",
    BOOKTITLE = "Parallel Algorithms for Machine Intelligence and Vision",
    PAGE = "182-231",
    EDITOR = "Kumar, V. and Gopalakrishnan, P.S. and Kanal, L.N.",
    PUBLISHER = "Springer Verlag",
    YEAR = 1990
    }


\end{thebibliography}
